<?xml version="1.0" encoding="UTF-8"?><record xmlns="http://www.loc.gov/MARC21/slim" xmlns:cinclude="http://apache.org/cocoon/include/1.0" xmlns:zs="http://www.loc.gov/zing/srw/">
  <leader>00598cz  a2200133n  4500</leader>
  <controlfield tag="001">no 88003844 </controlfield>
  <controlfield tag="003">DLC</controlfield>
  <controlfield tag="005">19900814172646.2</controlfield>
  <controlfield tag="008">880928n| acannaab|          |a ana |||  </controlfield>
  <datafield tag="010" ind1=" " ind2=" ">
    <subfield code="a">no 88003844 </subfield>
    <subfield code="z">n  88043812 </subfield>
  </datafield>
  <datafield tag="040" ind1=" " ind2=" ">
    <subfield code="a">DLC-S</subfield>
    <subfield code="c">DLC-S</subfield>
    <subfield code="d">DLC</subfield>
    <subfield code="d">DLC-S</subfield>
  </datafield>
  <datafield tag="110" ind1="1" ind2="0">
    <subfield code="a">California.</subfield>
    <subfield code="b">Employment Data and Research Division.</subfield>
    <subfield code="b">Economic Information Group</subfield>
  </datafield>
  <datafield tag="510" ind1="1" ind2="0">
    <subfield code="w">b</subfield>
    <subfield code="a">California.</subfield>
    <subfield code="b">Labor Market Information Division.</subfield>
    <subfield code="b">Economic Information Group</subfield>
  </datafield>
  <datafield tag="670" ind1=" " ind2=" ">
    <subfield code="a">Report to the governor on labor market conditions, Dec. 4, 1987:</subfield>
    <subfield code="b">t.p. (Economic Information Group, Employment Data &amp; Research Division; State of California)</subfield>
  </datafield>
</record>